@article{ha2010implicit,
  title={Implicit radix sorting on GPUs},
  author={Ha, Linh and Kr{\"u}ger, Jens and Silva, Cl{\'a}udio T},
  journal={arXiv preprint arXiv:1010.2016},
  year={2010}
}
